<?xml version="1.0" encoding="UTF-8"?><collection xmlns="http://www.loc.gov/MARC21/slim"><record><leader>00510nam--2200193-i-4500</leader><controlfield tag="001">000003313</controlfield><controlfield tag="002">20161230</controlfield><controlfield tag="005">20161230201025</controlfield><controlfield tag="008">060222s1000------------r-----000-0-eng-d</controlfield><datafield ind1=" " ind2=" " tag="040"><subfield code="a">IFIN-HH</subfield></datafield><datafield ind1=" " ind2=" " tag="080"><subfield code="a">517.445</subfield></datafield><datafield ind1="1" ind2=" " tag="100"><subfield code="a">Carslaw, H.S</subfield></datafield><datafield ind1="1" ind2="0" tag="245"><subfield code="a">Operational in applied mathematics</subfield><subfield code="c">H.s. carslaw, j.c. jaeger</subfield></datafield><datafield ind1=" " ind2=" " tag="250"><subfield code="a">Second Edition</subfield></datafield><datafield ind1=" " ind2=" " tag="260"><subfield code="a">Oxford</subfield><subfield code="b">Oxford University Press</subfield><subfield code="c">1949</subfield></datafield><datafield ind1=" " ind2=" " tag="300"><subfield code="a">XVI + 359 P</subfield></datafield><datafield ind1="1" ind2=" " tag="700"><subfield code="a">Jaeger, J. C</subfield></datafield><datafield ind1=" " ind2=" " tag="852"><subfield code="a">2038</subfield><subfield code="c">H.H</subfield></datafield><datafield ind1=" " ind2=" " tag="CAT"><subfield code="a">Sys</subfield><subfield code="c">20130326</subfield><subfield code="h">103922</subfield></datafield></record></collection>